<record xmlns="http://www.loc.gov/MARC21/slim">
   <leader>01480cgm a2200337 a 4500</leader>
   <controlfield tag="001">1372048</controlfield>
   <controlfield tag="007">vf cbaho</controlfield>
   <controlfield tag="008">910424s1985    xxu    a          vneng c</controlfield>
   <datafield ind1=" " ind2=" " tag="035">
      <subfield code="a">ocm70345381</subfield>
   </datafield>
   <datafield ind1=" " ind2=" " tag="040">
      <subfield code="b">eng</subfield>
   </datafield>
   <datafield ind1=" " ind2=" " tag="049">
      <subfield code="a">AEU</subfield>
      <subfield code="b">eng</subfield>
   </datafield>
   <datafield ind1=" " ind2="3" tag="055">
      <subfield code="a">HQ 71</subfield>
      <subfield code="b">W555 1985</subfield>
   </datafield>
   <datafield ind1="0" ind2=" " tag="090">
      <subfield code="a">HQ 71 W555 1985</subfield>
   </datafield>
   <datafield ind1="0" ind2="0" tag="245">
      <subfield code="a">What tadoo</subfield>
      <subfield code="h">[videorecording].</subfield>
   </datafield>
   <datafield ind1=" " ind2=" " tag="260">
      <subfield code="a">[United States] :</subfield>
      <subfield code="b">J. Gary Mitchell Film Company ;</subfield>
      <subfield code="a">[Calgary, Alta. :</subfield>
      <subfield code="b">ACCESS Network],</subfield>
      <subfield code="c">c1985.</subfield>
   </datafield>
   <datafield ind1=" " ind2=" " tag="300">
      <subfield code="a">1 videocassette (VHS) (18 min.) :</subfield>
      <subfield code="b">sd., col. ;</subfield>
      <subfield code="c">1/2 in.</subfield>
   </datafield>
   <datafield ind1=" " ind2=" " tag="336">
      <subfield code="a">two-dimensional moving image</subfield>
      <subfield code="b">tdi</subfield>
      <subfield code="2">rdacontent</subfield>
   </datafield>
   <datafield ind1=" " ind2=" " tag="337">
      <subfield code="a">video</subfield>
      <subfield code="b">v</subfield>
      <subfield code="2">rdamedia</subfield>
   </datafield>
   <datafield ind1=" " ind2=" " tag="338">
      <subfield code="a">videocassette</subfield>
      <subfield code="b">vf</subfield>
      <subfield code="2">rdacarrier</subfield>
   </datafield>
   <datafield ind1=" " ind2=" " tag="500">
      <subfield code="a">ACCESS No. 307701.</subfield>
   </datafield>
   <datafield ind1=" " ind2=" " tag="520">
      <subfield code="a">Explains to young children, and shows them, how to protect themselves from potentially threatening situations by remembering four simple rules: "Say no, get away, tell someone, and/or yell".</subfield>
   </datafield>
   <datafield ind1=" " ind2=" " tag="521">
      <subfield code="a">For kindergarten and early elementary grades.</subfield>
   </datafield>
   <datafield ind1=" " ind2=" " tag="596">
      <subfield code="a">38</subfield>
   </datafield>
   <datafield ind1=" " ind2="0" tag="650">
      <subfield code="a">Child sexual abuse</subfield>
      <subfield code="x">Prevention</subfield>
      <subfield code="v">Juvenile films.</subfield>
   </datafield>
   <datafield ind1=" " ind2="0" tag="650">
      <subfield code="a">Kidnapping</subfield>
      <subfield code="x">Prevention</subfield>
      <subfield code="v">Juvenile films.</subfield>
   </datafield>
   <datafield ind1=" " ind2="0" tag="650">
      <subfield code="a">Safety education.</subfield>
   </datafield>
   <datafield ind1=" " ind2="0" tag="650">
      <subfield code="a">Children</subfield>
      <subfield code="v">Life skills guides</subfield>
      <subfield code="v">Juvenile films.</subfield>
   </datafield>
   <datafield ind1=" " ind2="0" tag="650">
      <subfield code="a">Child abuse</subfield>
      <subfield code="x">Prevention</subfield>
      <subfield code="v">Juvenile films.</subfield>
   </datafield>
   <datafield ind1="2" ind2=" " tag="710">
      <subfield code="a">Alberta Educational Communications Corporation.</subfield>
   </datafield>
   <datafield ind1="2" ind2=" " tag="710">
      <subfield code="a">J. Gary Mitchell Film Company.</subfield>
   </datafield>
   <datafield ind1=" " ind2=" " tag="926">
      <subfield code="a">HQ 71 W555 1985</subfield>
      <subfield code="w">LC</subfield>
      <subfield code="c">1</subfield>
      <subfield code="i">000036271393</subfield>
      <subfield code="d">10/31/2001</subfield>
      <subfield code="l">ON_SHELF</subfield>
      <subfield code="m">UABARD</subfield>
      <subfield code="n">21</subfield>
      <subfield code="p">$150.00</subfield>
      <subfield code="r">Y</subfield>
      <subfield code="s">Y</subfield>
      <subfield code="t">MAG_MEDIA</subfield>
      <subfield code="u">4/29/1991</subfield>
      <subfield code="o">.STAFF. A0071922</subfield>
   </datafield>
</record>
